% Encoding: UTF-8
@book{Knuth1998,
 author = {Knuth, Donald E.},
 title = {The art of computer programming,  volume 3: (2nd ed.) sorting and searching},
 year = {1998},
 publisher = {Addison Wesley Longman Publishing Co., Inc.},
 address = {Redwood City, CA, USA}
}

@book{Pollefliet2011,
  author = {Pollefliet, Leen},
  title = {Schrijven van verslag tot eindwerk: do's en don'ts},
  year = {2011},
  publisher = {Academia Press},
  address = {Gent}
}

@article{Creeger2009,
  author = {Creeger, Mache},
  journal = {Communications of the ACM},
  number = {8},
  pages = {50--56},
  title = {{CTO Roundtable: Cloud Computing}},
  volume = {52},
  year = {2009}
}

@Misc{Pure01,
  author    = {Eric Elliott},
  title     = {Master the JavaScript interview: What is a pure function?},
  year      = {2016},
  date      = {2016-03-26},
  timestamp = {2018-05-10},
  url       = {https://medium.com/javascript-scene/master-the-javascript-interview-what-is-a-pure-function-d1c076bec976},
}

@Comment{jabref-meta: databaseType:bibtex;}
